<record><leader>00000cas a22000007a 4500</leader><controlfield tag="001">22391900</controlfield><controlfield tag="008">900917d189u19uunyuwr ne      0    0eng d</controlfield><datafield ind1=" " ind2=" " tag="010"><subfield code="a">sn 90066306 </subfield></datafield><datafield ind1=" " ind2=" " tag="040"><subfield code="a">NYS</subfield><subfield code="b">eng</subfield><subfield code="c">NYS</subfield><subfield code="d">OCLCQ</subfield></datafield><datafield ind1=" " ind2=" " tag="042"><subfield code="a">msc</subfield></datafield><datafield ind1="0" ind2="0" tag="245"><subfield code="a">Roscoe-Rockland review.</subfield></datafield><datafield ind1=" " ind2=" " tag="260"><subfield code="a">Roscoe, N.Y. :</subfield><subfield code="b">L. Williams Holmes, Ernest Schreier</subfield></datafield><datafield ind1=" " ind2=" " tag="300"><subfield code="a">v. ;</subfield><subfield code="c">56 cm.</subfield></datafield><datafield ind1=" " ind2=" " tag="310"><subfield code="a">Weekly</subfield></datafield><datafield ind1=" " ind2=" " tag="588"><subfield code="a">Description based on: Vol. 1, no. 18 (July 18, 1894).</subfield></datafield><datafield ind1=" " ind2="4" tag="651"><subfield code="a">Roscoe (N.Y.)</subfield><subfield code="v">Newspapers.</subfield></datafield><datafield ind1=" " ind2="4" tag="651"><subfield code="a">Rockland (N.Y.)</subfield><subfield code="v">Newspapers.</subfield></datafield><datafield ind1=" " ind2=" " tag="752"><subfield code="a">United States</subfield><subfield code="b">New York</subfield><subfield code="c">Sullivan</subfield><subfield code="d">Roscoe.</subfield></datafield><datafield ind1=" " ind2=" " tag="752"><subfield code="a">United States</subfield><subfield code="b">New York</subfield><subfield code="c">Sullivan</subfield><subfield code="d">Rockland.</subfield></datafield><datafield ind1="0" ind2="7" tag="785"><subfield code="t">Sullivan County record</subfield><subfield code="w">(DLC)sn 83031330</subfield></datafield><datafield ind1="0" ind2="7" tag="785"><subfield code="t">Sullivan County record Roscoe Rockland review</subfield><subfield code="w">(DLC)sn 90066315</subfield><subfield code="w">(OCoLC)22458956</subfield></datafield><datafield ind1="1" ind2=" " tag="029"><subfield code="a">AU@</subfield><subfield code="b">000025865736</subfield></datafield></record>